<record xmlns="http://www.loc.gov/MARC21/slim" xmlns:xsi="http://www.w3.org/2001/XMLSchema-instance" xsi:schemaLocation="http://www.loc.gov/MARC21/slim http://www.loc.gov/standards/marcxml/schema/MARC21slim.xsd"><leader>02020nam a2200349   4500</leader><controlfield tag="001">001721013</controlfield><controlfield tag="003">NNU</controlfield><controlfield tag="006">m        d        </controlfield><controlfield tag="007">cr cn |||m|||a</controlfield><controlfield tag="008">140707s1911    ua      o     000 0 ara d</controlfield><datafield ind1=" " ind2=" " tag="040"><subfield code="a">NNU</subfield><subfield code="b">eng</subfield><subfield code="c">NNU</subfield></datafield><datafield ind1=" " ind2="4" tag="050"><subfield code="a">PJ7745.K8</subfield><subfield code="b">K47 1911</subfield></datafield><datafield ind1=" " ind2=" " tag="066"><subfield code="c">(3</subfield></datafield><datafield ind1=" " ind2=" " tag="090"><subfield code="a">PJ7745.K8</subfield><subfield code="b">K47 1911</subfield></datafield><datafield ind1="1" ind2=" " tag="100"><subfield code="6">880-01</subfield><subfield code="a">Kush&#257;jim, Abu al-Fat&#7717; Ma&#7717;m&#363;d ibn al-&#7716;usayn,</subfield><subfield code="d">d. 962.</subfield></datafield><datafield ind1="1" ind2="0" tag="240"><subfield code="6">880-02</subfield><subfield code="a">Adab wa-nudam&#257;&#700; wa-la&#7789;&#257;&#700;if al-&#7827;uraf&#257;&#700;</subfield></datafield><datafield ind1="1" ind2="0" tag="245"><subfield code="6">880-03</subfield><subfield code="a">Kit&#257;b Adab al-nudam&#257;&#700; wa-la&#7789;&#257;&#700;if al-&#7827;uraf&#257;&#700;</subfield><subfield code="h">[electronic resource] :</subfield><subfield code="b">wa-yal&#299;hi shar&#7717; wa-tash&#7789;&#299;r qa&#7779;&#299;dat Ab&#299; Fir&#257;s al-&#7716;amd&#257;n&#299; /</subfield><subfield code="c">ta&#700;l&#299;f Ab&#299; al-Fat&#7717; Ma&#7717;m&#363;d ibn Kush&#257;jim.</subfield></datafield><datafield ind1=" " ind2=" " tag="260"><subfield code="6">880-04</subfield><subfield code="a">al-Iskandar&#299;yah :</subfield><subfield code="b">Ma&#7789;ba&#699;at Jurj&#299; Gharz&#363;z&#299;,</subfield><subfield code="c">1329 [1911]</subfield></datafield><datafield ind1=" " ind2=" " tag="300"><subfield code="a">online resource (110 p.)</subfield></datafield><datafield ind1=" " ind2=" " tag="500"><subfield code="a">Part of the Arabic Collections Online (ACO) project, contributed by New York Univeristy Libraries.</subfield></datafield><datafield ind1=" " ind2=" " tag="533"><subfield code="a">Electronic reproduction.</subfield><subfield code="b">New York, N.Y. :</subfield><subfield code="c">New York University,</subfield><subfield code="d">2014.</subfield><subfield code="5">NNU</subfield></datafield><datafield ind1="1" ind2=" " tag="700"><subfield code="6">880-05</subfield><subfield code="a">Ab&#363; Fir&#257;s al-&#7716;amd&#257;n&#299;, al-&#7716;&#257;rith ibn Sa&#699;&#299;d,</subfield><subfield code="d">932-968</subfield></datafield><datafield ind1="2" ind2=" " tag="710"><subfield code="a">New York University.</subfield><subfield code="b">Libraries.</subfield></datafield><datafield ind1="0" ind2=" " tag="730"><subfield code="a">Arabic Collections Online.</subfield></datafield><datafield ind1="0" ind2="8" tag="776"><subfield code="i">Print version:</subfield><subfield code="a">Kush&#257;jim, Abu al-Fat&#7717; Ma&#7717;m&#363;d ibn al-&#7716;usayn, d. 962.</subfield><subfield code="t">Kit&#257;b Adab al-nudam&#257;&#700; wa-la&#7789;&#257;&#700;if al-&#7827;uraf&#257;&#700;</subfield><subfield code="w">(NNU)001721013</subfield></datafield><datafield ind1="4" ind2="0" tag="856"><subfield code="u">http://hdl.handle.net/2333.1/k6djhcqc</subfield></datafield><datafield ind1="1" ind2=" " tag="880"><subfield code="6">100-01/</subfield><subfield code="a">&#1603;&#1588;&#1575;&#1580;&#1605;&#1548; &#1605;&#1581;&#1605;&#1608;&#1583; &#1576;&#1578; &#1575;&#1604;&#1581;&#1587;&#1610;&#1606;.</subfield></datafield><datafield ind1="1" ind2="0" tag="880"><subfield code="6">240-02/</subfield><subfield code="a">&#1575;&#1583;&#1576; &#1575;&#1604;&#1606;&#1583;&#1605;&#1575;&#1569; &#1608;&#1604;&#1591;&#1575;&#1574;&#1601; &#1575;&#1604;&#1592;&#1585;&#1601;&#1575;&#1569;</subfield></datafield><datafield ind1="1" ind2="0" tag="880"><subfield code="6">245-03/</subfield><subfield code="a">&#1603;&#1578;&#1575;&#1576; &#1575;&#1583;&#1576; &#1575;&#1604;&#1606;&#1583;&#1605;&#1575;&#1569; &#1608;&#1604;&#1591;&#1575;&#1580;&#1601; &#1575;&#1604;&#1592;&#1585;&#1601;&#1575;&#1569; :</subfield><subfield code="b">&#1608;&#1610;&#1604;&#1610;&#1607; &#1588;&#1585;&#1581; &#1608;&#1578;&#1588;&#1591;&#1610;&#1585; &#1602;&#1589;&#1610;&#1583;&#1577; &#1575;&#1576;&#1610; &#1601;&#1585;&#1575;&#1587; &#1575;&#1604;&#1581;&#1605;&#1583;&#1575;&#1606;&#1610; /</subfield><subfield code="c">&#1578;&#1571;&#1604;&#1610;&#1601; &#1575;&#1576;&#1610; &#1575;&#1604;&#1601;&#1578;&#1581; &#1605;&#1581;&#1605;&#1608;&#1583; &#1576;&#1606; &#1603;&#1588;&#1575;&#1580;&#1605;.</subfield></datafield><datafield ind1=" " ind2=" " tag="880"><subfield code="6">260-04/</subfield><subfield code="a">&#1575;&#1604;&#1575;&#1587;&#1603;&#1606;&#1583;&#1585;&#1610;&#1577; :</subfield><subfield code="b">&#1605;&#1591;&#1576;&#1593;&#1577; &#1580;&#1585;&#1580;&#1610; &#1594;&#1585;&#1586;&#1608;&#1586;&#1610;&#1548;</subfield><subfield code="c">&#1633;&#1635;&#1634;&#1641;.</subfield></datafield><datafield ind1="1" ind2=" " tag="880"><subfield code="6">700-05/</subfield><subfield code="a">&#1571;&#1576;&#1608; &#1601;&#1585;&#1575;&#1587;&#1575;&#1604;&#1581;&#1605;&#1583;&#1575;&#1606;&#1610;&#1548; &#1575;&#1604;&#1581;&#1575;&#1585;&#1579; &#1576;&#1606; &#1587;&#1593;&#1610;&#1583;.</subfield></datafield><datafield ind1=" " ind2=" " tag="959"><subfield code="a">NNU</subfield><subfield code="b">WEB</subfield><subfield code="c">GENI</subfield><subfield code="t">0</subfield><subfield code="m">Electronic access</subfield><subfield code="s">01</subfield></datafield></record>